@article{koseler2018,
    author  = "Kaan Koseler and Matthew Stephan",
    title   = "Machine Learning Applications in Baseball: A Systematic Literature Review",
    year    = "2018",
    journal = "Applied Artificial Intelligence",
    volume  = "31",
    pages   = "745--763"
}

@article{ishii2016,
    author  = "Tatsuya Ishii",
    title   = "Using Machine Learning Algorithms to Identify Undervalued Baseball Players",
    year = "2016",
    journal = "Stanford Machine Learning"
}

@article{hoang2015,
    author  = "Phuong Hoang",
    title   = "A Dynamic Feature Selection Based LDA Approach to Baseball Pitch Prediction",
    year    = "2015",
    journal = "Trends and Applications in Knowledge Discovery and Data Mining",
    pages   = "125--137"
}

@article{soto2016,
    author  = "Cesar Soto Valero",
    title   = "redicting Win-Loss outcomes in MLB regular season games â€“ A comparative study using data mining methods",
    year    = "2016",
    journal = "International Journal of Computer Science in Sport",
    volume  = "15",
    issue = "2"
}